<?xml version="1.0" encoding="UTF-8"?><collection xmlns="http://www.loc.gov/MARC21/slim"><record><leader>00461nam--2200133-i-4500</leader><controlfield tag="001">000043891</controlfield><controlfield tag="002">20161230</controlfield><controlfield tag="005">20161230201044</controlfield><controlfield tag="008">060222s1000------------r-----000-0-eng-d</controlfield><datafield ind1=" " ind2=" " tag="080"><subfield code="a">553.495</subfield></datafield><datafield ind1=" " ind2=" " tag="100"><subfield code="a">Teixeira, Edsonribeiro, Pinto, Cassio Mendonca Teixeira, Edson Ribeiro</subfield></datafield><datafield ind1=" " ind2=" " tag="245"><subfield code="a">Determinacao de pequenos teores de uranio em minerios pelo processo fosfato-vanadato</subfield></datafield><datafield ind1=" " ind2=" " tag="260"><subfield code="a">Bela Horizonte, Institute De Pesquisas Radioativas, 1958, 23p</subfield></datafield><datafield ind1=" " ind2=" " tag="852"><subfield code="a">21587</subfield></datafield></record></collection>